<?xml version="1.0" encoding="UTF-8"?><record xmlns="http://www.loc.gov/MARC21/slim" xmlns:cinclude="http://apache.org/cocoon/include/1.0" xmlns:zs="http://www.loc.gov/zing/srw/">
  <leader>00712cz  a2200193n  4500</leader>
  <controlfield tag="001">n  85315937 </controlfield>
  <controlfield tag="003">DLC</controlfield>
  <controlfield tag="005">20081016080611.0</controlfield>
  <controlfield tag="008">860314n| acannaabn          |b aaa      </controlfield>
  <datafield tag="010" ind1=" " ind2=" ">
    <subfield code="a">n  85315937 </subfield>
  </datafield>
  <datafield tag="035" ind1=" " ind2=" ">
    <subfield code="a">(OCoLC)oca01543376</subfield>
  </datafield>
  <datafield tag="040" ind1=" " ind2=" ">
    <subfield code="a">DLC</subfield>
    <subfield code="b">eng</subfield>
    <subfield code="c">DLC</subfield>
    <subfield code="d">DLC</subfield>
    <subfield code="d">OCoLC</subfield>
  </datafield>
  <datafield tag="100" ind1="1" ind2=" ">
    <subfield code="a">Kako, Mieko,</subfield>
    <subfield code="d">1916-</subfield>
  </datafield>
  <datafield tag="400" ind1="1" ind2=" ">
    <subfield code="a">Koizumi, Mieko,</subfield>
    <subfield code="d">1916-</subfield>
  </datafield>
  <datafield tag="400" ind1="1" ind2=" ">
    <subfield code="a">加古三枝子,</subfield>
    <subfield code="d">1916-</subfield>
  </datafield>
  <datafield tag="667" ind1=" " ind2=" ">
    <subfield code="a">Machine-derived non-Latin script reference project.</subfield>
  </datafield>
  <datafield tag="667" ind1=" " ind2=" ">
    <subfield code="a">Non-Latin script reference not evaluated.</subfield>
  </datafield>
  <datafield tag="670" ind1=" " ind2=" ">
    <subfield code="a">Her Jinsei o kakenukete, 1985:</subfield>
    <subfield code="b">t.p. (Kako Mieko) colophon (r; real name: Koizumi Mieko; b. 1916; former lectr., Tōkyō Geijutsu Daigaku)</subfield>
  </datafield>
  <datafield tag="670" ind1=" " ind2=" ">
    <subfield code="a">NDL choshamei, 1979</subfield>
    <subfield code="b">(Kako Mieko; b. 1916)</subfield>
  </datafield>
</record>